<?xml version="1.0" encoding="UTF-8"?>
<record xmlns="http://www.loc.gov/MARC21/slim">
   <leader>00940cam a2200229 a 4500</leader>
   <controlfield tag="001">862634</controlfield>
   <controlfield tag="003">NjP</controlfield>
   <controlfield tag="005">20171025091934.0</controlfield>
   <controlfield tag="008">940131s1847    ua            000 0 ara d</controlfield>
   <datafield tag="024" ind1="7" ind2=" ">
      <subfield code="a">princeton_aco004249</subfield>
      <subfield code="2">local</subfield>
   </datafield>
   <datafield ind1=" " ind2=" " tag="035">
      <subfield code="a">(OCoLC)29834554</subfield>
   </datafield>
   <datafield ind1=" " ind2=" " tag="035">
      <subfield code="a">(CStRLIN)NJPG94-B5452</subfield>
   </datafield>
   <datafield ind1=" " ind2=" " tag="035">
      <subfield code="9">CAY4928TS</subfield>
   </datafield>
   <datafield ind1=" " ind2=" " tag="040">
      <subfield code="a">NjP/</subfield>
      <subfield code="c">NjP</subfield>
   </datafield>
   <datafield ind1="1" ind2=" " tag="100">
      <subfield code="a">Baql⁻i, Muḥammad ʻAl⁻i,</subfield>
      <subfield code="d">1813-1876.</subfield>
   </datafield>
   <datafield ind1="1" ind2="0" tag="240">
      <subfield code="a">Ghurar al-naj⁻aḥ f⁻i aʻm⁻al al-jarr⁻aḥ</subfield>
   </datafield>
   <datafield ind1="1" ind2="3" tag="245">
      <subfield code="a">al-Juzʾ al-th⁻an⁻i min kit⁻ab Ghurar al-naj⁻aḥ f⁻i aʻm⁻al al-jarr⁻aḥ /</subfield>
      <subfield code="c">taʾl⁻if Muḥammad ʻAl⁻i al-Baql⁻i al-Ḥak⁻im.</subfield>
   </datafield>
   <datafield ind1=" " ind2=" " tag="260">
      <subfield code="a">B⁻ul⁻aq :</subfield>
      <subfield code="b">D⁻ar al-Ṭib⁻aʻah al-B⁻ahirah,</subfield>
      <subfield code="c">1263 [1874]</subfield>
   </datafield>
   <datafield ind1=" " ind2=" " tag="300">
      <subfield code="a">v. ;</subfield>
      <subfield code="c">25 cm.</subfield>
   </datafield>
   <datafield ind1=" " ind2="0" tag="650">
      <subfield code="a">Surgery.</subfield>
      <subfield code="0">http://id.loc.gov/authorities/subjects/sh85130766</subfield>
   </datafield>
   <datafield ind1="0" ind2=" " tag="740">
      <subfield code="a">Ghurar al-naj⁻aḥ f⁻i aʻm⁻al al-jarr⁻aḥ.</subfield>
   </datafield>
   <datafield ind1=" " ind2=" " tag="998">
      <subfield code="a">02/08/94</subfield>
      <subfield code="s">9114</subfield>
      <subfield code="n">NjP</subfield>
      <subfield code="w">NJPG94B5452</subfield>
      <subfield code="d">01/31/94</subfield>
      <subfield code="c">AHH</subfield>
      <subfield code="b">JAB</subfield>
      <subfield code="i">940208</subfield>
      <subfield code="l">NJPG</subfield>
   </datafield>
   <datafield ind1=" " ind2=" " tag="911">
      <subfield code="a">19940217</subfield>
   </datafield>
   <datafield ind1=" " ind2=" " tag="912">
      <subfield code="a">19940208000000.0</subfield>
   </datafield>
   <datafield ind1="0" ind2="0" tag="852">
      <subfield code="0">983614</subfield>
      <subfield code="b">rcppa</subfield>
      <subfield code="t">1</subfield>
      <subfield code="h">DT170</subfield>
      <subfield code="i">.B364 1874</subfield>
      <subfield code="x">tr fr anxa</subfield>
   </datafield>
   <datafield ind1=" " ind2=" " tag="959">
      <subfield code="a">2000-06-13 00:00:00 -0500</subfield>
   </datafield>
</record>
